@phdthesis{RN4,
  author     = {刘青霞},
  title      = {重庆市中心城区景观可达性对住宅价格的影响研究},
  type       = {硕士},
  type       = {Thesis},
  university = {西南大学},
  year       = {2021}
}

@phdthesis{RN5,
  author     = {王方民},
  title      = {基于生活圈的公共服务设施配置对房价的影响研究},
  type       = {硕士},
  type       = {Thesis},
  university = {西南大学},
  year       = {2021}
}
